{"time": "2025-04-21 00:39:52.130","level": "INFO", "msg":{"exchange": "America", "date": "2019-01-01", "time": "17:30:00", "symbol": "CBOT_ZF", "type": "LIMIT", "side": "SELL", "price": 114585.94, "size": 1.0}}
{"time": "2025-04-21 00:39:52.130","level": "INFO", "msg":{"exchange": "America", "date": "2019-01-01", "time": "17:30:00", "symbol": "CBOT_ZT", "type": "LIMIT", "side": "BUY", "price": 12731250.0, "size": 1.0}}
{"time": "2025-04-21 00:39:52.831","level": "INFO", "msg":{"exchange": "America", "date": "2019-01-01", "time": "18:11:00", "symbol": "CBOT_ZF", "type": "LIMIT", "side": "BUY", "price": 114648.44, "size": 1.0}}
{"time": "2025-04-21 00:39:52.832","level": "INFO", "msg":{"exchange": "America", "date": "2019-01-01", "time": "18:11:00", "symbol": "CBOT_ZT", "type": "LIMIT", "side": "SELL", "price": 12735000.0, "size": 1.0}}
{"time": "2025-04-21 00:41:58.759","level": "INFO", "msg":{"exchange": "America", "date": "2019-03-14", "time": "22:43:00", "symbol": "CBOT_ZF", "type": "LIMIT", "side": "SELL", "price": 114921.88, "size": 1.0}}
{"time": "2025-04-21 00:41:58.759","level": "INFO", "msg":{"exchange": "America", "date": "2019-03-14", "time": "22:43:00", "symbol": "CBOT_ZT", "type": "LIMIT", "side": "BUY", "price": 12743437.56, "size": 1.0}}
{"time": "2025-04-21 00:41:59.209","level": "INFO", "msg":{"exchange": "America", "date": "2019-03-14", "time": "22:46:00", "symbol": "CBOT_ZF", "type": "LIMIT", "side": "BUY", "price": 114914.07, "size": 1.0}}
{"time": "2025-04-21 00:41:59.209","level": "INFO", "msg":{"exchange": "America", "date": "2019-03-14", "time": "22:46:00", "symbol": "CBOT_ZT", "type": "LIMIT", "side": "SELL", "price": 12743906.28, "size": 1.0}}
{"time": "2025-04-21 00:43:38.841","level": "INFO", "msg":{"exchange": "America", "date": "2019-05-09", "time": "20:24:00", "symbol": "CBOT_ZF", "type": "LIMIT", "side": "SELL", "price": 115703.13, "size": 1.0}}
{"time": "2025-04-21 00:43:38.842","level": "INFO", "msg":{"exchange": "America", "date": "2019-05-09", "time": "20:24:00", "symbol": "CBOT_ZT", "type": "LIMIT", "side": "BUY", "price": 12778125.0, "size": 1.0}}
{"time": "2025-04-21 00:43:39.362","level": "INFO", "msg":{"exchange": "America", "date": "2019-05-09", "time": "20:25:00", "symbol": "CBOT_ZF", "type": "LIMIT", "side": "BUY", "price": 115703.13, "size": 1.0}}
{"time": "2025-04-21 00:43:39.362","level": "INFO", "msg":{"exchange": "America", "date": "2019-05-09", "time": "20:25:00", "symbol": "CBOT_ZT", "type": "LIMIT", "side": "SELL", "price": 12778593.72, "size": 1.0}}
{"time": "2025-04-21 00:44:06.831","level": "INFO", "msg":{"exchange": "America", "date": "2019-05-23", "time": "19:40:00", "symbol": "CBOT_ZF", "type": "LIMIT", "side": "SELL", "price": 116289.07, "size": 1.0}}
{"time": "2025-04-21 00:44:06.833","level": "INFO", "msg":{"exchange": "America", "date": "2019-05-23", "time": "19:40:00", "symbol": "CBOT_ZT", "type": "LIMIT", "side": "BUY", "price": 12797343.72, "size": 1.0}}
{"time": "2025-04-21 00:44:07.523","level": "INFO", "msg":{"exchange": "America", "date": "2019-05-23", "time": "21:10:00", "symbol": "CBOT_ZF", "type": "LIMIT", "side": "BUY", "price": 116250.0, "size": 1.0}}
{"time": "2025-04-21 00:44:07.523","level": "INFO", "msg":{"exchange": "America", "date": "2019-05-23", "time": "21:10:00", "symbol": "CBOT_ZT", "type": "LIMIT", "side": "SELL", "price": 12796875.0, "size": 1.0}}
{"time": "2025-04-21 00:44:20.795","level": "INFO", "msg":{"exchange": "America", "date": "2019-05-30", "time": "20:04:00", "symbol": "CBOT_ZF", "type": "LIMIT", "side": "BUY", "price": 117218.75, "size": 1.0}}
{"time": "2025-04-21 00:44:20.795","level": "INFO", "msg":{"exchange": "America", "date": "2019-05-30", "time": "20:04:00", "symbol": "CBOT_ZT", "type": "LIMIT", "side": "SELL", "price": 12866250.0, "size": 1.0}}
{"time": "2025-04-21 00:44:21.699","level": "INFO", "msg":{"exchange": "America", "date": "2019-05-30", "time": "23:18:00", "symbol": "CBOT_ZF", "type": "LIMIT", "side": "SELL", "price": 117226.57, "size": 1.0}}
{"time": "2025-04-21 00:44:21.699","level": "INFO", "msg":{"exchange": "America", "date": "2019-05-30", "time": "23:18:00", "symbol": "CBOT_ZT", "type": "LIMIT", "side": "BUY", "price": 12869062.56, "size": 1.0}}
{"time": "2025-04-21 00:45:14.801","level": "INFO", "msg":{"exchange": "America", "date": "2019-06-27", "time": "21:00:00", "symbol": "CBOT_ZF", "type": "LIMIT", "side": "SELL", "price": 118101.57, "size": 1.0}}
{"time": "2025-04-21 00:45:14.802","level": "INFO", "msg":{"exchange": "America", "date": "2019-06-27", "time": "21:00:00", "symbol": "CBOT_ZT", "type": "LIMIT", "side": "BUY", "price": 12909843.72, "size": 1.0}}
{"time": "2025-04-21 00:45:15.248","level": "INFO", "msg":{"exchange": "America", "date": "2019-06-27", "time": "21:07:00", "symbol": "CBOT_ZF", "type": "LIMIT", "side": "BUY", "price": 118101.57, "size": 1.0}}
{"time": "2025-04-21 00:45:15.248","level": "INFO", "msg":{"exchange": "America", "date": "2019-06-27", "time": "21:07:00", "symbol": "CBOT_ZT", "type": "LIMIT", "side": "SELL", "price": 12910781.28, "size": 1.0}}
{"time": "2025-04-21 00:45:56.061","level": "INFO", "msg":{"exchange": "America", "date": "2019-07-18", "time": "21:34:00", "symbol": "CBOT_ZF", "type": "LIMIT", "side": "BUY", "price": 117867.19, "size": 1.0}}
{"time": "2025-04-21 00:45:56.061","level": "INFO", "msg":{"exchange": "America", "date": "2019-07-18", "time": "21:34:00", "symbol": "CBOT_ZT", "type": "LIMIT", "side": "SELL", "price": 12893906.28, "size": 1.0}}
{"time": "2025-04-21 00:45:56.547","level": "INFO", "msg":{"exchange": "America", "date": "2019-07-18", "time": "21:41:00", "symbol": "CBOT_ZF", "type": "LIMIT", "side": "SELL", "price": 117875.0, "size": 1.0}}
{"time": "2025-04-21 00:45:56.547","level": "INFO", "msg":{"exchange": "America", "date": "2019-07-18", "time": "21:41:00", "symbol": "CBOT_ZT", "type": "LIMIT", "side": "BUY", "price": 12893437.56, "size": 1.0}}
{"time": "2025-04-21 00:46:23.516","level": "INFO", "msg":{"exchange": "America", "date": "2019-08-01", "time": "20:26:00", "symbol": "CBOT_ZF", "type": "LIMIT", "side": "BUY", "price": 118476.57, "size": 1.0}}
{"time": "2025-04-21 00:46:23.518","level": "INFO", "msg":{"exchange": "America", "date": "2019-08-01", "time": "20:26:00", "symbol": "CBOT_ZT", "type": "LIMIT", "side": "SELL", "price": 12906093.72, "size": 1.0}}
{"time": "2025-04-21 00:46:23.998","level": "INFO", "msg":{"exchange": "America", "date": "2019-08-01", "time": "20:52:00", "symbol": "CBOT_ZF", "type": "LIMIT", "side": "SELL", "price": 118515.63, "size": 1.0}}
{"time": "2025-04-21 00:46:23.998","level": "INFO", "msg":{"exchange": "America", "date": "2019-08-01", "time": "20:52:00", "symbol": "CBOT_ZT", "type": "LIMIT", "side": "BUY", "price": 12907500.0, "size": 1.0}}
{"time": "2025-04-21 00:46:38.270","level": "INFO", "msg":{"exchange": "America", "date": "2019-08-08", "time": "19:49:00", "symbol": "CBOT_ZF", "type": "LIMIT", "side": "BUY", "price": 119015.63, "size": 1.0}}
{"time": "2025-04-21 00:46:38.271","level": "INFO", "msg":{"exchange": "America", "date": "2019-08-08", "time": "19:49:00", "symbol": "CBOT_ZT", "type": "LIMIT", "side": "SELL", "price": 12927656.28, "size": 1.0}}
{"time": "2025-04-21 00:46:38.870","level": "INFO", "msg":{"exchange": "America", "date": "2019-08-08", "time": "20:36:00", "symbol": "CBOT_ZF", "type": "LIMIT", "side": "SELL", "price": 119046.88, "size": 1.0}}
{"time": "2025-04-21 00:46:38.870","level": "INFO", "msg":{"exchange": "America", "date": "2019-08-08", "time": "20:36:00", "symbol": "CBOT_ZT", "type": "LIMIT", "side": "BUY", "price": 12928125.0, "size": 1.0}}
